<?xml version="1.0" encoding="UTF-8"?><collection xmlns="http://www.loc.gov/MARC21/slim"><record><leader>00294nam--2200121-i-4500</leader><controlfield tag="001">000016576</controlfield><controlfield tag="002">20161230</controlfield><controlfield tag="005">20161230201031</controlfield><controlfield tag="008">060222s1000------------r-----000-0-eng-d</controlfield><datafield ind1=" " ind2=" " tag="080"><subfield code="a">061.62(4):53:001.891</subfield></datafield><datafield ind1=" " ind2=" " tag="245"><subfield code="a">Experiments at cern in 1996</subfield></datafield><datafield ind1=" " ind2=" " tag="260"><subfield code="a">Geneva, Cern, 1996. 374 P</subfield></datafield><datafield ind1=" " ind2=" " tag="852"><subfield code="a">44759</subfield></datafield></record></collection>